2767 4711
478 392 484 399 ·
536 380 763 455 'xxlv

547 523 802 607 pellare
850 544 1041 584 ausus
1086 543 1262 597 sum,
1327 524 1502 609 quod
1563 537 1628 584 et
1686 520 1997 583 memoria
2053 520 2418 583 ExcELL.
2471 543 2552 586 ac

552 632 944 693 ILLUSTR.
1031 632 1463 693 SAMUEms
1565 633 1860 694 L1BER1
1961 616 2348 695 BARONJS
2439 650 2549 698 ne

530 735 1207 801 ‘BRUCRENTRAL
1277 742 1556 825 Insignis
1617 741 1940 826 quondam
1970 738 2134 801 ord.
2167 740 2295 801 Sct.
2318 740 2548 823 Steph.

552 849 630 907 R.
652 850 773 930 Ap.
817 848 1092 932 Magnae
1130 852 1358 917 Crucis
1391 850 1645 934 Equitis
1676 863 1740 911 et
1764 849 2237 910 Gubernzltoris
2265 850 2551 912 Nostrae
2605 880 2619 890 ’

532 957 940 1019 Provinciae
971 959 1437 1021 Emeritissimi
1484 972 1549 1021 et
1582 978 1845 1044 quoque
1891 958 2258 1018 EXCELL.
2308 979 2380 1020 ac
2429 961 2554 1019 IL·-

546 1065 1347 1128 LUSTR.MICHAELIS
1395 1068 1688 1129 LIBERI
1735 1066 1932 1127 BAR.
1982 1083 2082 1130 DE
2108 1068 2557 1128 BRUCREN-

550 1176 793 1235 THAL
875 1176 1198 1259 quondam
1268 1175 1510 1259 Insign.
1582 1164 1782 1238 'orm
1837 1177 2139 1257 Imperat.
2217 1176 2552 1258 Leopoldi

556 1272 1152 1357 commendatoris,
1202 1264 1497 1346 Natio'nis
1558 1284 1919 1347 saxonicae
1967 1283 2236 1343 comitis
2284 1298 2406 1345 etc.
2478 1286 2552 1347 in

548 1391 833 1452 Patriam
867 1411 999 1451 non
1034 1392 1244 1452 minus
1265 1438 1280 1466 ,
1314 1412 1507 1477 quam
1533 1394 1600 1454 in
1627 1413 1772 1454 rem
1801 1391 2350 1453 literarium-hanc
2378 1414 2414 1452 a
2435 1415 2549 1456 me

547 1500 855 1583 pietatem
886 1514 949 1561 ct
973 1501 1428 1563 devotissimae
1448 1503 1681 1564 mentis
1706 1500 2214 1565 declarationem
2235 1500 2318 1563 ob
2346 1500 2546 1585 multa

548 1610 616 1669 in
655 1628 759 1669 me
797 1629 1060 1693 quoque
1092 1607 1414 1671 beneficia
1456 1625 1832 1695 exposcunt.

725 1717 1011 1813 Quodsi,
1057 1720 1279 1802 prouti
1324 1739 1595 1803 sperare
1641 1718 1812 1781 haud
1843 1718 2061 1795 nefas,
2110 1718 2352 1799 haecce
2387 1740 2556 1782 enu-

550 1828 867 1902 meratio,
915 1826 984 1889 in
1024 1826 1316 1910 publicas
1367 1831 1559 1891 etiam
1605 1828 2033 1900 Eruditorum
2088 1827 2558 1910 ephemerides

558 1945 763 2021 inque
793 1957 1017 1996 manus
1051 1937 1516 1999 Botanicornm
1554 1924 1922 2019 huja'torum
1956 1936 2294 2012 deveniat,
2343 1936 2559 1998 fortu-

556 2059 777 2107 natum
824 2062 967 2129 sese
1019 2044 1366 2126 judicaret,
1436 2056 1698 2121 auctor,
1761 2044 1816 2113 si
1862 2044 1963 2107 vel
2005 2045 2287 2128 plurima
2328 2048 2558 2129 operis

555 2153 655 2215 sui
687 2151 1078 2235 emendandi
1109 2153 1386 2239 monim,
1435 2175 1715 2239 quorum
1746 2154 1851 2217 vel
1895 2174 1975 2216 ex
2021 2174 2137 2230 eo,
2188 2153 2363 2238 quod
2403 2155 2551 2217 vul-
2579 2192 2594 2207 -

539 2240 670 2346 'gus
698 2240 1090 2344 scriptorum
1120 2261 1270 2353 satis
1305 2262 1557 2338 habeat,
1580 2263 1758 2324 nulla
1787 2263 2310 2347 reprehensione
2346 2284 2381 2323 a
2418 2262 2551 2322 cri-

552 2373 698 2433 ticis
736 2369 950 2445 affici,
1009 2384 1081 2432 ut
1117 2371 1241 2433 viri
1280 2372 1638 2455 prudentes
1682 2373 1918 2434 exinde
1963 2374 2158 2434 etiam
2202 2363 2551 2436 utilitatem

554 2480 839 2562 capiant,
920 2477 1333 2565 summepere
1393 2481 1694 2566 indigere
1742 2482 1955 2544 libere
2018 2480 2400 2555 confitetur,
2467 2501 2552 2544 ex

500 2609 513 2620 ·
555 2589 685 2651 illis
718 2589 1005 2652 nancisci
1028 2604 1282 2672 posset,
1318 2613 1436 2675 spe
1481 2593 1754 2655 certiori
1791 2593 2033 2669 fretus,
2084 2612 2153 2656 se
2186 2590 2545 2675 reprehen-

557 2699 808 2761 sionem
837 2699 1169 2790 sinistram
1197 2701 1345 2762 ideo
1383 2716 1566 2763 certe
1594 2704 1835 2764 nnllam
1862 2701 2348 2785 promeruisse,
2366 2698 2542 2781 quod

556 2809 749 2871 etiam
789 2822 970 2870 extra
1018 2829 1249 2870 munus
1294 2830 1355 2870 et
1415 2808 1708 2873 officium
1748 2829 1935 2871 suum
1983 2807 2247 2869 Civibus
2289 2805 2542 2864 discen-

556 2895 764 2991 tibus,
812 2938 934 2998 pro
967 2917 1306 2977 occasione
1341 2931 1407 2976 et
1439 2916 1614 2976 virili
1651 2936 1729 2975 ex
1768 2931 1890 2974 usu
1917 2932 2079 2988 esse.

732 2996 1079 3085 Coronidis
1127 3024 1273 3085 loco
1325 3021 1680 3095 concedas,
1741 3021 1940 3082 velim
1977 3023 2052 3081 L.
2092 3021 2166 3079 Β.
2212 3036 2421 3078 meam
2475 3018 2547 3081 in

562 3145 828 3193 cunctos
877 3130 1336 3192 excursionum
1376 3148 1667 3190 mearum
1704 3128 1960 3211 jamjam
2001 3140 2547 3210 praeattactarum

561 3255 628 3302 et
653 3243 1096 3302 Commotores
1130 3253 1193 3300 et
1224 3217 1644 3318 promotores
1688 3235 1994 3319 pietatem
2041 3236 2200 3320 quid
2234 3235 2410 3297 enim
2452 3234 2550 3296 di·

562 3371 701 3412 cam
732 3346 1286 3424 benevolentiam,
1336 3366 1482 3407 cum
1524 3345 1687 3407 illud
1728 3345 1938 3428 ipsum
1981 3345 2435 3428 gravissimum
2481 3359 2552 3408 et

566 3456 1033 3520 sanctissimum
1067 3476 1301 3518 nomen
1348 3453 1639 3537 pietatis,
1685 3454 1893 3518 levius
1922 3454 2081 3516 mihi
2108 3454 2360 3516 meritis
2389 3474 2548 3537 erga

560 3588 664 3629 me
697 3564 1022 3649 praestitis
1043 3611 1057 3638 ,
1111 3564 1214 3626 hic
1241 3564 1501 3648 publice
1531 3562 1866 3646 profiteri,
1905 3578 1981 3626 ut
2011 3563 2314 3647 gratiam,
2355 3585 2551 3648 qnam

476 3659 479 3664 ,
559 3677 757 3739 rebus
782 3645 1070 3757 'aequare
1098 3695 1228 3734 non
1260 3691 1552 3756 possum,
1585 3673 1796 3735 saltim
1812 3653 2551 3736 verborum'nominum-

562 3806 703 3870 que.
723 3783 1114 3846 nominando
1159 3784 1409 3844 honore
1447 3791 1880 3865 compensem.
1968 3783 2280 3843 Eminent
2321 3781 2549 3843 multis

563 3910 708 3957 ante
748 3894 1114 3955 nominibus
1157 3893 1580 3976 praeprimis,
1647 3891 1761 3976 qui
1807 3893 1873 3953 in
1932 3893 2051 3953 ista
2095 3893 2170 3954 re
2224 3892 2442 3952 amica·
2474 3912 2552 3952 ac

561 4005 879 4097 benevola
896 4002 1315 4068 inclinatione
1340 4048 1355 4078 ,
1387 4019 1571 4066 antea
1604 4022 1993 4066 succurrere
2028 4001 2200 4064 haud
2219 3998 2551 4085 dedignati
